@article{bansal2022cold,
    title={Cold Diffusion: Inverting Arbitrary Image Transforms Without Noise},
    author={Bansal, Arpit and Borgnia, Eitan and Chu, Hong-Min and Li, Jie S. and Kazemi, Hamid and Huang, Furong and Goldblum, Micah and Geiping, Jonas and Goldstein, Tom},
    journal={Journal of Computer Vision},
    year={2022},
    publisher={Springer},
    eprint={arXiv:2208.09392v1},
    eprinttype={arxiv},
}

@article{ho2020denoising,
    title={Denoising Diffusion Probabilistic Models},
    author={Ho, Jonathan and Jain, Ajay and Abbeel, Pieter},
    journal={arXiv preprint arXiv:2006.11239},
    year={2020},
    eprint={2006.11239},
    archivePrefix={arXiv},
    primaryClass={cs.LG},
    url={https://doi.org/10.48550/arXiv.2006.11239}
}

@article{weng2021diffusion,
title={What are Diffusion Models?},
author={Weng, Lilian},
journal={Lilian Weng's Blog},
year={2021},
url={https://lilianweng.github.io/posts/2021-07-11-diffusion-models/}
}

@book{prince2023understanding,
 author = "Simon J.D. Prince",
 title = "Understanding Deep Learning",
 publisher = "MIT Press",
 year = 2023,
 url = "http://udlbook.com"
}

@article{hendrycks2016gelu,
    title={Gaussian Error Linear Units (GELUs)},
    author={Hendrycks, Dan and Gimpel, Kevin},
    journal={arXiv preprint arXiv:1606.08415},
    year={2016},
    eprint={1606.08415},
    archivePrefix={arXiv},
    primaryClass={cs.LG},
    url={https://doi.org/10.48550/arXiv.1606.08415}
}

@article{fid,
    title={How to Implement the Frechet Inception Distance (FID) from Scratch},
    author={Brownlee, Jason},
    journal={Machine Learning Mastery},
    year={2022},
    url={https://machinelearningmastery.com/how-to-implement-the-frechet-inception-distance-fid-from-scratch/}
}


@article{inception_score,
    title={A Simple Explanation of the Inception Score},
    author={David Mack},
    journal={Medium},
    year={2022},
    url={https://medium.com/octavian-ai/a-simple-explanation-of-the-inception-score-372dff6a8c7a}
}

@article{kingma2015adam,
    title={Adam: A Method for Stochastic Optimization},
    author={Kingma, Diederik P. and Ba, Jimmy},
    journal={arXiv preprint arXiv:1412.6980},
    year={2015},
    eprint={1412.6980},
    archivePrefix={arXiv},
    primaryClass={cs.LG},
    url={https://doi.org/10.48550/arXiv.1412.6980}
}

@article{mse,
title={Mean Squared Error},
author={Wikipedia},
journal={Wikipedia, The Free Encyclopedia},
year={2022},
url={https://en.wikipedia.org/wiki/Mean_squared_error}
}

@article{inception_score_implementation,
title={How to Implement the Inception Score from Scratch for Evaluating Generated Images},
author={Brownlee, Jason},
journal={Machine Learning Mastery},
year={2022},
url={https://machinelearningmastery.com/how-to-implement-the-inception-score-from-scratch-for-evaluating-generated-images/}
}

@article{selu_pytorch,
    title={SELU - PyTorch Documentation},
    author={PyTorch},
    journal={PyTorch Documentation},
    year={2022},
    url={https://pytorch.org/docs/stable/generated/torch.nn.SELU.html#torch.nn.SELU}
}
